% Encoding: UTF-8

% References.
@article{chicco2020,
  author = {Chicco, D. and Jurman, G.},
  title = {{Machine learning can predict survival of patients with heart
  failure from serum creatinine and ejection fraction alone.}},
  journal = {BMC Medical Informatics and Decision Making},
  year = {2020},
  volume = {20},
  number = {16},
  doi = {https://doi.org/10.1186/s12911-020-1023-5}
}

@misc{larxel_dataset,
  author = {Larxel},
  title = {{Heart Failure Prediction}},
  year = {2020},
  note = {Conjunto de dados disponibilizado com licen√ßa CC BY 4.0; Acessado em 28 de Agosto de 2020 pelo link "https://www.kaggle.com/andrewmvd/heart-failure-clinical-data".}
}
